@article{sabatelli2020transferability,
  title={On the transferability of winning tickets in non-natural image datasets},
  author={Sabatelli, Matthia and Kestemont, Mike and Geurts, Pierre},
  journal={arXiv preprint arXiv:2005.05232},
  year={2020}
}

@inproceedings{morcos2019one,
  title={One ticket to win them all: generalizing lottery ticket initializations across datasets and optimizers},
  author={Morcos, Ari and Yu, Haonan and Paganini, Michela and Tian, Yuandong},
  booktitle={Advances in Neural Information Processing Systems},
  pages={4933--4943},
  year={2019}
}

@article{yu2019playing,
  title={Playing the lottery with rewards and multiple languages: lottery tickets in RL and NLP},
  author={Yu, Haonan and Edunov, Sergey and Tian, Yuandong and Morcos, Ari S},
  journal={arXiv preprint arXiv:1906.02768},
  year={2019}
}

@inproceedings{zhou2019deconstructing,
  title={Deconstructing lottery tickets: Zeros, signs, and the supermask},
  author={Zhou, Hattie and Lan, Janice and Liu, Rosanne and Yosinski, Jason},
  booktitle={Advances in Neural Information Processing Systems},
  pages={3592--3602},
  year={2019}
}

@article{mehta2019sparse,
  title={Sparse Transfer Learning via Winning Lottery Tickets},
  author={Mehta, Rahul},
  journal={arXiv preprint arXiv:1905.07785},
  year={2019}
}
@article{frankle2018lottery,
  title={The lottery ticket hypothesis: Finding sparse, trainable neural networks},
  author={Frankle, Jonathan and Carbin, Michael},
  journal={arXiv preprint arXiv:1803.03635},
  year={2018}
}

@inproceedings{han2015learning,
  title={Learning both weights and connections for efficient neural network},
  author={Han, Song and Pool, Jeff and Tran, John and Dally, William},
  booktitle={Advances in neural information processing systems},
  pages={1135--1143},
  year={2015}
}

@article{frankle2019linear,
  title={Linear mode connectivity and the lottery ticket hypothesis},
  author={Frankle, Jonathan and Dziugaite, Gintare Karolina and Roy, Daniel M and Carbin, Michael},
  journal={arXiv preprint arXiv:1912.05671},
  year={2019}
}


@inproceedings{he2016deep,
  title={Deep residual learning for image recognition},
  author={He, Kaiming and Zhang, Xiangyu and Ren, Shaoqing and Sun, Jian},
  booktitle={Proceedings of the IEEE conference on computer vision and pattern recognition},
  pages={770--778},
  year={2016}
}

@article{han2015deep,
  title={Deep compression: Compressing deep neural networks with pruning, trained quantization and huffman coding},
  author={Han, Song and Mao, Huizi and Dally, William J},
  journal={arXiv preprint arXiv:1510.00149},
  year={2015}
}

@inproceedings{zhuang2018discrimination,
  title={Discrimination-aware channel pruning for deep neural networks},
  author={Zhuang, Zhuangwei and Tan, Mingkui and Zhuang, Bohan and Liu, Jing and Guo, Yong and Wu, Qingyao and Huang, Junzhou and Zhu, Jinhui},
  booktitle={Advances in Neural Information Processing Systems},
  pages={875--886},
  year={2018}
}

@article{franklestabilizing,
  title={Stabilizing the Lottery Ticket Hypothesis},
  author={Frankle, Jonathan and Dziugaite, G Karolina and Roy, DM and Carbin, M},
  journal={arXiv preprint arXiv:1903.01611},
  year = {2019}
}

@article{molchanov2016pruning,
  title={Pruning convolutional neural networks for resource efficient inference},
  author={Molchanov, Pavlo and Tyree, Stephen and Karras, Tero and Aila, Timo and Kautz, Jan},
  journal={arXiv preprint arXiv:1611.06440},
  year={2016}
}

@inproceedings{hassibi1993optimal,
  title={Optimal brain surgeon and general network pruning},
  author={Hassibi, Babak and Stork, David G and Wolff, Gregory J},
  booktitle={IEEE international conference on neural networks},
  pages={293--299},
  year={1993},
  organization={IEEE}
}

@inproceedings{lecun1990optimal,
  title={Optimal brain damage},
  author={LeCun, Yann and Denker, John S and Solla, Sara A},
  booktitle={Advances in neural information processing systems},
  pages={598--605},
  year={1990}
}

@article{maree2016collaborative,
  title={Collaborative analysis of multi-gigapixel imaging data using Cytomine},
  author={Mar{\'e}e, Rapha{\"e}l and Rollus, Lo{\"\i}c and St{\'e}vens, Benjamin and Hoyoux, Renaud and Louppe, Gilles and Vandaele, R{\'e}my and Begon, Jean-Michel and Kainz, Philipp and Geurts, Pierre and Wehenkel, Louis},
  journal={Bioinformatics},
  volume={32},
  number={9},
  pages={1395--1401},
  year={2016},
  publisher={Oxford University Press}
}

@inproceedings{ronneberger2015u,
  title={U-net: Convolutional networks for biomedical image segmentation},
  author={Ronneberger, Olaf and Fischer, Philipp and Brox, Thomas},
  booktitle={International Conference on Medical image computing and computer-assisted intervention},
  pages={234--241},
  year={2015},
  organization={Springer}
}

@inproceedings{lin2014microsoft,
  title={Microsoft coco: Common objects in context},
  author={Lin, Tsung-Yi and Maire, Michael and Belongie, Serge and Hays, James and Perona, Pietro and Ramanan, Deva and Doll{\'a}r, Piotr and Zitnick, C Lawrence},
  booktitle={European conference on computer vision},
  pages={740--755},
  year={2014},
  organization={Springer}
}

@article{gohil2019one,
  title={One ticket to win them all: generalizing lottery ticket initializations across datasets and optimizers},
  author={Gohil, Varun and Narayanan, S Deepak and Jain, Atishay},
  journal={ReScience-C},
  year={2020}
}

@article{russakovsky2015imagenet,
  title={Imagenet large scale visual recognition challenge},
  author={Russakovsky, Olga and Deng, Jia and Su, Hao and Krause, Jonathan and Satheesh, Sanjeev and Ma, Sean and Huang, Zhiheng and Karpathy, Andrej and Khosla, Aditya and Bernstein, Michael and others},
  journal={International journal of computer vision},
  volume={115},
  number={3},
  pages={211--252},
  year={2015},
  publisher={Springer}
}

@article{everingham2010pascal,
  title={The pascal visual object classes (voc) challenge},
  author={Everingham, Mark and Van Gool, Luc and Williams, Christopher KI and Winn, John and Zisserman, Andrew},
  journal={International journal of computer vision},
  volume={88},
  number={2},
  pages={303--338},
  year={2010},
  publisher={Springer}
}

@article{sun2019learning,
  title={Learning Sparse Sharing Architectures for Multiple Tasks},
  author={Sun, Tianxiang and Shao, Yunfan and Li, Xiaonan and Liu, Pengfei and Yan, Hang and Qiu, Xipeng and Huang, Xuanjing},
  journal={arXiv preprint arXiv:1911.05034},
  year={2019}
}

@article{desai2019evaluating,
  title={Evaluating Lottery Tickets Under Distributional Shifts},
  author={Desai, Shrey and Zhan, Hongyuan and Aly, Ahmed},
  journal={arXiv preprint arXiv:1910.12708},
  year={2019}
}

@inproceedings{szegedy2015going,
  title={Going deeper with convolutions},
  author={Szegedy, Christian and Liu, Wei and Jia, Yangqing and Sermanet, Pierre and Reed, Scott and Anguelov, Dragomir and Erhan, Dumitru and Vanhoucke, Vincent and Rabinovich, Andrew},
  booktitle={Proceedings of the IEEE conference on computer vision and pattern recognition},
  pages={1--9},
  year={2015}
}

@inproceedings{van2019using,
  title={Using winning lottery tickets in transfer learning for convolutional neural networks},
  author={Van Soelen, Ryan and Sheppard, John W},
  booktitle={2019 International Joint Conference on Neural Networks (IJCNN)},
  pages={1--8},
  year={2019},
  organization={IEEE}
}

@inproceedings{mormont2018comparison,
  title={Comparison of deep transfer learning strategies for digital pathology},
  author={Mormont, Romain and Geurts, Pierre and Mar{\'e}e, Rapha{\"e}l},
  booktitle={Proceedings of the IEEE Conference on Computer Vision and Pattern Recognition Workshops},
  pages={2262--2271},
  year={2018}
}

@article{kainz2017training,
  title={Training echo state networks for rotation-invariant bone marrow cell classification},
  author={Kainz, Philipp and Burgsteiner, Harald and Asslaber, Martin and Ahammer, Helmut},
  journal={Neural Computing and Applications},
  volume={28},
  number={6},
  pages={1277--1292},
  year={2017},
  publisher={Springer}
}

@inproceedings{dong2017learning,
  title={Learning to prune deep neural networks via layer-wise optimal brain surgeon},
  author={Dong, Xin and Chen, Shangyu and Pan, Sinno},
  booktitle={Advances in Neural Information Processing Systems},
  pages={4857--4867},
  year={2017}
}

@inproceedings{lin2017runtime,
  title={Runtime neural pruning},
  author={Lin, Ji and Rao, Yongming and Lu, Jiwen and Zhou, Jie},
  booktitle={Advances in Neural Information Processing Systems},
  pages={2181--2191},
  year={2017}
}
@article{phillips2011wiki,
  title={Wiki Art Gallery, Inc.: A case for critical thinking},
  author={Phillips, Fred and Mackintosh, Brandy},
  journal={Issues in Accounting Education},
  volume={26},
  number={3},
  pages={593--608},
  year={2011},
  publisher={American Accounting Assocation}
}

@article{strezoski2018omniart,
  title={Omniart: a large-scale artistic benchmark},
  author={Strezoski, Gjorgji and Worring, Marcel},
  journal={ACM Transactions on Multimedia Computing, Communications, and Applications (TOMM)},
  volume={14},
  number={4},
  pages={1--21},
  year={2018},
  publisher={ACM New York, NY, USA}
}

@inproceedings{mensink2014rijksmuseum,
  title={The rijksmuseum challenge: Museum-centered visual recognition},
  author={Mensink, Thomas and Van Gemert, Jan},
  booktitle={Proceedings of International Conference on Multimedia Retrieval},
  pages={451--454},
  year={2014}
}


@article{strezoski2017omniart,
  title={Omniart: multi-task deep learning for artistic data analysis},
  author={Strezoski, Gjorgji and Worring, Marcel},
  journal={arXiv preprint arXiv:1708.00684},
  year={2017}
}


@article{pan2010survey,
  title={A survey on transfer learning},
  author={Pan, Sinno Jialin and Yang, Qiang},
  journal={IEEE Transactions on knowledge and data engineering},
  pages={1345--1359},
  year={2010},
  publisher={IEEE}
}

@article{mormont2020multi,
  title={Multi-task pre-training of deep neural networks for digital pathology},
  author={Mormont, Romain and Geurts, Pierre and Mar{\'e}e, Rapha{\"e}l},
  journal={IEEE journal of biomedical and health informatics},
  year={2020},
  publisher={IEEE}
}

@article{zhong2020fine,
  title={Fine-art painting classification via two-channel dual path networks},
  author={Zhong, Sheng-hua and Huang, Xingsheng and Xiao, Zhijiao},
  journal={International Journal of Machine Learning and Cybernetics},
  volume={11},
  number={1},
  pages={137--152},
  year={2020},
  publisher={Springer}
}

@article{caruana1997multitask,
  title={Multitask learning},
  author={Caruana, Rich},
  journal={Machine learning},
  volume={28},
  number={1},
  pages={41--75},
  year={1997},
  publisher={Springer}
}

@inproceedings{sabatelli2018deepqv,
  title={Deep Quality-Value (DQV) Learning},
  author={Sabatelli, Matthia and Louppe, Gilles and Geurts, Pierre and Wiering, Marco},
  booktitle={Advances in Neural Information Processing Systems, Deep Reinforcement Learning Workshop},
  year={2018},
  organization={Montreal}
}

@inproceedings{sabatelli2020deep,
  title={The deep quality-value family of deep reinforcement learning algorithms},
  author={Sabatelli, Matthia and Louppe, Gilles and Geurts, Pierre and Wiering, Marco A},
  booktitle={2020 International Joint Conference on Neural Networks (IJCNN)},
  pages={1--8},
  year={2020},
  organization={IEEE}
}

@inproceedings{sabatelli2018deep,
  title={Deep transfer learning for art classification problems},
  author={Sabatelli, Matthia and Kestemont, Mike and Daelemans, Walter and Geurts, Pierre},
  booktitle={Proceedings of the European Conference on Computer Vision (ECCV) Workshops},
  pages={631--646},
  year={2018}
}

@article{chollet2016xception,
  title={Xception: Deep learning with depthwise separable convolutions},
  author={Chollet, Fran{\c{c}}ois},
  journal={arXiv preprint},
  year={2016}
}

@BOOK{wollheim:1972,
  title = {{O}n Art and the Mind. {E}ssays and Lectures},
  publisher = {Allen Lane},
  year = {1972},
  author = {Wollheim, R.},
  owner = {mike},
  timestamp = {2011.12.04}
}

@article{stamatatos:2009,
author = {Stamatatos Efstathios},
title = {A survey of modern authorship attribution methods},
journal = {Journal of the American Society for Information Science and Technology},
year = {2009},
number = {3},
pages = {538-556},
doi = {10.1002/asi.21001},
}

@inproceedings{he2016deep,
  title={Deep residual learning for image recognition},
  author={He, Kaiming and Zhang, Xiangyu and Ren, Shaoqing and Sun, Jian},
  booktitle={Proceedings of the IEEE conference on computer vision and pattern recognition},
  pages={770--778},
  year={2016}
}

@inproceedings{bidoiadeep,
  author    = {Francesco Bidoia and
               Matthia Sabatelli and
               Amirhossein Shantia and
               Marco A. Wiering and
               Lambert Schomaker},
  title     = {A Deep Convolutional Neural Network for Location Recognition and Geometry
               based Information},
  booktitle = {Proceedings of the 7th International Conference on Pattern Recognition
               Applications and Methods, {ICPRAM} 2018, Funchal, Madeira - Portugal,
               January 16-18, 2018.},
  pages     = {27--36},
  year      = {2018},
  crossref  = {DBLP:conf/icpram/2018},
  timestamp = {Wed, 11 Apr 2018 15:34:00 +0200},
  biburl    = {https://dblp.org/rec/bib/conf/icpram/BidoiaSSWS18},
  bibsource = {dblp computer science bibliography, https://dblp.org}
}


@inproceedings{dai2008self,
  title={Self-taught clustering},
  author={Dai, Wenyuan and Yang, Qiang and Xue, Gui-Rong and Yu, Yong},
  booktitle={Proceedings of the 25th international conference on Machine learning},
  pages={200--207},
  year={2008},
  organization={ACM}
}

@article{allen2000collaboration,
  title={Collaboration through the Colorado digitization project},
  author={Allen, Nancy},
  journal={First Monday},
  volume={5},
  number={6},
  year={2000}
}

@inproceedings{bengio2012deep,
  title={Deep learning of representations for unsupervised and transfer learning},
  author={Bengio, Yoshua},
  booktitle={Proceedings of ICML Workshop on Unsupervised and Transfer Learning},
  pages={17--36},
  year={2012}
}

@misc{raghakotkerasvis,
  title={keras-vis},
  author={Kotikalapudi, Raghavendra and contributors},
  year={2017},
  publisher={GitHub},
  howpublished={\url{https://github.com/raghakot/keras-vis}},
}

@article{masters2018revisiting,
  title={Revisiting Small Batch Training for Deep Neural Networks},
  author={Masters, Dominic and Luschi, Carlo},
  journal={arXiv preprint arXiv:1804.07612},
  year={2018}
}

@inproceedings{szegedy2016rethinking,
  title={Rethinking the inception architecture for computer vision},
  author={Szegedy, Christian and Vanhoucke, Vincent and Ioffe, Sergey and Shlens, Jon and Wojna, Zbigniew},
  booktitle={Proceedings of the IEEE Conference on Computer Vision and Pattern Recognition},
  pages={2818--2826},
  year={2016}
}

@article{simonyan2014very,
  title={Very deep convolutional networks for large-scale image recognition},
  author={Simonyan, Karen and Zisserman, Andrew},
  journal={arXiv preprint arXiv:1409.1556},
  year={2014}
}

@article{geurts2006extremely,
  title={Extremely randomized trees},
  author={Geurts, Pierre and Ernst, Damien and Wehenkel, Louis},
  journal={Machine learning},
  volume={63},
  number={1},
  pages={3--42},
  year={2006},
  publisher={Springer}
}

@misc{chollet2015keras,
  title={Keras},
  author={Chollet, Fran{\c{c}}ois and others},
  year={2015}
}

@article{pedregosa2011scikit,
  title={Scikit-learn: Machine learning in Python},
  author={Pedregosa, Fabian and Varoquaux, Ga{\"e}l and Gramfort, Alexandre and Michel, Vincent and Thirion, Bertrand and Grisel, Olivier and Blondel, Mathieu and Prettenhofer, Peter and Weiss, Ron and Dubourg, Vincent and others},
  journal={Journal of machine learning research},
  volume={12},
  number={Oct},
  pages={2825--2830},
  year={2011}
}

@article{lecun2015deep,
  title={Deep learning},
  author={LeCun, Yann and Bengio, Yoshua and Hinton, Geoffrey},
  journal={nature},
  volume={521},
  number={7553},
  pages={436},
  year={2015},
  publisher={Nature Publishing Group}
}

@techreport{weibel1998dublin,
  title={Dublin core metadata for resource discovery},
  author={Weibel, Stuart and Kunze, John and Lagoze, Carl and Wolf, Misha},
  year={1998}
}

@article{russakovsky2015imagenet,
  title={Imagenet large scale visual recognition challenge},
  author={Russakovsky, Olga and Deng, Jia and Su, Hao and Krause, Jonathan and Satheesh, Sanjeev and Ma, Sean and Huang, Zhiheng and Karpathy, Andrej and Khosla, Aditya and Bernstein, Michael and others},
  journal={International Journal of Computer Vision},
  volume={115},
  number={3},
  pages={211--252},
  year={2015},
  publisher={Springer}
}
@inproceedings{krizhevsky2012imagenet,
  title={Imagenet classification with deep convolutional neural networks},
  author={Krizhevsky, Alex and Sutskever, Ilya and Hinton, Geoffrey E},
  booktitle={Advances in neural information processing systems},
  pages={1097--1105},
  year={2012}
}

@inproceedings{huang2017densely,
  title={Densely connected convolutional networks},
  author={Huang, Gao and Liu, Zhuang and Weinberger, Kilian Q and van der Maaten, Laurens},
  booktitle={Proceedings of the IEEE conference on computer vision and pattern recognition},
  volume={1},
  number={2},
  year={2017}
}

@article{parry2005digital,
  title={Digital heritage and the rise of theory in museum computing},
  author={Parry, Ross},
  journal={Museum management and Curatorship},
  pages={333--348},
  year={2005},
  publisher={Elsevier}
}

@inproceedings{mensink2014rijksmuseum,
  title={The rijksmuseum challenge: Museum-centered visual recognition},
  author={Mensink, Thomas and Van Gemert, Jan},
  booktitle={Proceedings of International Conference on Multimedia Retrieval},
  pages={451},
  year={2014},
  organization={ACM}
}

@inproceedings{razavian2014cnn,
  title={CNN features off-the-shelf: an astounding baseline for recognition},
  author={Razavian, Ali Sharif and Azizpour, Hossein and Sullivan, Josephine and Carlsson, Stefan},
  booktitle={Computer Vision and Pattern Recognition Workshops (CVPRW), 2014 IEEE Conference on},
  pages={512--519},
  year={2014},
  organization={IEEE}
}

@article{tajbakhsh2016convolutional,
  title={Convolutional neural networks for medical image analysis: Full training or fine tuning?},
  author={Tajbakhsh, Nima and Shin, Jae Y and Gurudu, Suryakanth R and Hurst, R Todd and Kendall, Christopher B and Gotway, Michael B and Liang, Jianming},
  journal={IEEE transactions on medical imaging},
  pages={1299--1312},
  year={2016},
  publisher={IEEE}
}

@inproceedings{reyes2015fine,
  title={Fine-tuning Deep Convolutional Networks for Plant Recognition.},
  author={Reyes, Angie K and Caicedo, Juan C and Camargo, Jorge E},
  booktitle={CLEF (Working Notes)},
  year={2015}
}

@inproceedings{van2015deep,
  title={Deep convolutional neural networks and support vector machines for gender recognition},
  author={van de Wolfshaar, Jos and Karaaba, Mahir F and Wiering, Marco A},
  booktitle={Computational Intelligence, 2015 IEEE Symposium Series on},
  pages={188--195},
  year={2015},
  organization={IEEE}
}

@article{tome2016deep,
  title={Deep convolutional neural networks for pedestrian detection},
  author={Tom{\`e}, Denis and Monti, Federico and Baroffio, Luca and Bondi, Luca and Tagliasacchi, Marco and Tubaro, Stefano},
  journal={Signal Processing: Image Communication},
  pages={482--489},
  year={2016},
  publisher={Elsevier}
}

@inproceedings{ma2015multimodal,
  title={Multimodal convolutional neural networks for matching image and sentence},
  author={Ma, Lin and Lu, Zhengdong and Shang, Lifeng and Li, Hang},
  booktitle={Proceedings of the IEEE international conference on computer vision},
  pages={2623--2631},
  year={2015}
}

@inproceedings{donahue2014decaf,
  title={Decaf: A deep convolutional activation feature for generic visual recognition},
  author={Donahue, Jeff and Jia, Yangqing and Vinyals, Oriol and Hoffman, Judy and Zhang, Ning and Tzeng, Eric and Darrell, Trevor},
  booktitle={International conference on machine learning},
  pages={647--655},
  year={2014}
}

@inproceedings{xie2017aggregated,
  title={Aggregated residual transformations for deep neural networks},
  author={Xie, Saining and Girshick, Ross and Doll{\'a}r, Piotr and Tu, Zhuowen and He, Kaiming},
  booktitle={Computer Vision and Pattern Recognition (CVPR), 2017 IEEE Conference on},
  pages={5987--5995},
  year={2017},
  organization={IEEE}
}

@article{tieleman2012lecture,
  title={Lecture 6.5-rmsprop: Divide the gradient by a running average of its recent magnitude},
  author={Tieleman, Tijmen and Hinton, Geoffrey},
  journal={COURSERA: Neural networks for machine learning},
  pages={26--31},
  year={2012}
}

@inproceedings{abadi2016tensorflow,
  title={TensorFlow: A System for Large-Scale Machine Learning.},
  author={Abadi, Mart{\'\i}n and Barham, Paul and Chen, Jianmin and Chen, Zhifeng and Davis, Andy and Dean, Jeffrey and Devin, Matthieu and Ghemawat, Sanjay and Irving, Geoffrey and Isard, Michael and others},
  booktitle={OSDI},
  volume={16},
  pages={265--283},
  year={2016}
}

@inproceedings{deng2009imagenet,
  title={Imagenet: A large-scale hierarchical image database},
  author={Deng, Jia and Dong, Wei and Socher, Richard and Li, Li-Jia and Li, Kai and Fei-Fei, Li},
  booktitle={Computer Vision and Pattern Recognition, 2009. CVPR 2009. IEEE Conference on},
  pages={248--255},
  year={2009},
  organization={IEEE}
} 

@techreport{huang2007labeled,
  title={Labeled faces in the wild: A database for studying face recognition in unconstrained environments},
  author={Huang, Gary B and Ramesh, Manu and Berg, Tamara and Learned-Miller, Erik},
  year={2007},
  institution={Technical Report 07-49, University of Massachusetts, Amherst}
}

@inproceedings{stallkamp2011german,
  title={The German traffic sign recognition benchmark: a multi-class classification competition},
  author={Stallkamp, Johannes and Schlipsing, Marc and Salmen, Jan and Igel, Christian},
  booktitle={Neural Networks (IJCNN), The 2011 International Joint Conference on},
  pages={1453--1460},
  year={2011},
  organization={IEEE}
}

@article{bojarski2016visualbackprop,
  title={VisualBackProp: efficient visualization of CNNs},
  author={Bojarski, Mariusz and Choromanska, Anna and Choromanski, Krzysztof and Firner, Bernhard and Jackel, Larry and Muller, Urs and Zieba, Karol},
  journal={arXiv preprint arXiv:1611.05418},
  year={2016}
}

@inproceedings{caruana2001overfitting,
  title={Overfitting in neural nets: Backpropagation, conjugate gradient, and early stopping},
  author={Caruana, Rich and Lawrence, Steve and Giles, C Lee},
  booktitle={Advances in neural information processing systems},
  pages={402--408},
  year={2001}
}

@inproceedings{he2015delving,
  title={Delving deep into rectifiers: Surpassing human-level performance on imagenet classification},
  author={He, Kaiming and Zhang, Xiangyu and Ren, Shaoqing and Sun, Jian},
  booktitle={Proceedings of the IEEE international conference on computer vision},
  pages={1026--1034},
  year={2015}
}

@article{ackermann2018using,
  title={Using transfer learning to detect galaxy mergers},
  author={Ackermann, Sandro and Schawinksi, Kevin and Zhang, Ce and Weigel, Anna K and Turp, M Dennis},
  journal={Monthly Notices of the Royal Astronomical Society},
  year={2018}
}

@article{kornblith2018better,
  title={Do Better ImageNet Models Transfer Better?},
  author={Kornblith, Simon and Shlens, Jonathon and Le, Quoc V},
  journal={arXiv preprint arXiv:1805.08974},
  year={2018}
}

@inproceedings{hasselt2010double,
  title={Double {Q}-learning},
  author={Van Hasselt, Hado},
  booktitle={Advances in Neural Information Processing Systems},
  pages={2613--2621},
  year={2010}
}

@article{mnih2015human,
  title={Human-level control through deep reinforcement learning},
  author={Mnih, Volodymyr and Kavukcuoglu, Koray and Silver, David and Rusu, Andrei A and Veness, Joel and Bellemare, Marc G and Graves, Alex and Riedmiller, Martin and Fidjeland, Andreas K and Ostrovski, Georg and others},
  journal={Nature},
  volume={518},
  number={7540},
  pages={529},
  year={2015},
  publisher={Nature Publishing Group}
}

@article{sutton1984temporal,
  title={Temporal credit assignment in reinforcement learning},
  author={Sutton, Richard Stuart},
  year={1984}
}

@article{fortunato2017noisy,
  title={Noisy networks for exploration},
  author={Fortunato, Meire and Azar, Mohammad Gheshlaghi and Piot, Bilal and Menick, Jacob and Osband, Ian and Graves, Alex and Mnih, Vlad and Munos, Remi and Hassabis, Demis and Pietquin, Olivier and others},
  journal={arXiv preprint arXiv:1706.10295},
  year={2017}
}

@article{schmidhuber2015deep,
  title={Deep learning in neural networks: An overview},
  author={Schmidhuber, J{\"u}rgen},
  journal={Neural networks},
  volume={61},
  pages={85--117},
  year={2015},
  publisher={Elsevier}
}

@inproceedings{boyan1995generalization,
  title={Generalization in reinforcement learning: Safely approximating the value function},
  author={Boyan, Justin A and Moore, Andrew W},
  booktitle={Advances in neural information processing systems},
  pages={369--376},
  year={1995}
}

@phdthesis{wiering1999explorations,
  title={Explorations in efficient reinforcement learning},
  author={Wiering, Marco A},
  year={1999},
  school={University of Amsterdam}
}

@inproceedings{henderson2018deep,
  title={Deep reinforcement learning that matters},
  author={Henderson, Peter and Islam, Riashat and Bachman, Philip and Pineau, Joelle and Precup, Doina and Meger, David},
  booktitle={Thirty-Second AAAI Conference on Artificial Intelligence},
  year={2018}
}

@article{thrun1992efficient,
  title={Efficient exploration in reinforcement learning},
  author={Thrun, Sebastian B},
  year={1992},
  publisher={Citeseer}
}

@inproceedings{kendall2018multi,
  title={Multi-task learning using uncertainty to weigh losses for scene geometry and semantics},
  author={Kendall, Alex and Gal, Yarin and Cipolla, Roberto},
  booktitle={Proceedings of the IEEE Conference on Computer Vision and Pattern Recognition},
  pages={7482--7491},
  year={2018}
}

@book{sutton2018reinforcement,
  title={Reinforcement learning: An introduction},
  author={Sutton, Richard S and Barto, Andrew G},
  year={2018},
  publisher={MIT press}
}

@inproceedings{van2016deep,
  title={Deep reinforcement learning with double {Q}-learning},
  author={Van Hasselt, Hado and Guez, Arthur and Silver, David},
  booktitle={Thirtieth AAAI Conference on Artificial Intelligence},
  year={2016}
}

@article{li2017deep,
  title={Deep reinforcement learning: An overview},
  author={Li, Yuxi},
  journal={arXiv preprint arXiv:1701.07274},
  year={2017}
}

@inproceedings{wiering2005qv,
  title={{QV} (lambda)-learning: A new on-policy reinforcement learning algorithm},
  author={Wiering, Marco A},
  booktitle={Proceedings of the 7th European Workshop on Reinforcement Learning},
  pages={17--18},
  year={2005}
}

@article{fujimoto2019benchmarking,
  title={Benchmarking Batch Deep Reinforcement Learning Algorithms},
  author={Fujimoto, Scott and Conti, Edoardo and Ghavamzadeh, Mohammad and Pineau, Joelle},
  journal={arXiv preprint arXiv:1910.01708},
  year={2019}
}

@article{sabatelli2019approximating,
  title={Approximating two value functions instead of one: towards characterizing a new family of Deep Reinforcement Learning algorithms},
  author={Sabatelli, Matthia and Louppe, Gilles and Geurts, Pierre and Wiering, Marco A},
  journal={arXiv preprint arXiv:1909.01779},
  year={2019}
}

@article{moore1990efficient,
  title={Efficient memory-based learning for robot control},
  author={Moore, Andrew William},
  year={1990},
  publisher={Citeseer}
}

@inproceedings{wiering2009qv,
  title={The {QV} family compared to other reinforcement learning algorithms},
  author={Wiering, Marco A and Van Hasselt, Hado},
  booktitle={Adaptive Dynamic Programming and Reinforcement Learning, 2009. ADPRL'09. IEEE Symposium on},
  pages={101--108},
  year={2009},
  organization={IEEE}
}

@article{sutton1988learning,
  title={Learning to predict by the methods of temporal differences},
  author={Sutton, Richard S},
  journal={Machine learning},
  volume={3},
  number={1},
  pages={9--44},
  year={1988},
  publisher={Springer}
}

@inproceedings{wang2016dueling,
  title={Dueling Network Architectures for Deep Reinforcement Learning},
  author={Wang, Ziyu and Schaul, Tom and Hessel, Matteo and Van Hasselt, Hado and Lanctot, Marc and Freitas, Nando},
  booktitle={International Conference on Machine Learning},
  pages={1995--2003},
  year={2016}
}

@inproceedings{hessel2018rainbow,
  title={Rainbow: Combining improvements in deep reinforcement learning},
  author={Hessel, Matteo and Modayil, Joseph and Van Hasselt, Hado and Schaul, Tom and Ostrovski, Georg and Dabney, Will and Horgan, Dan and Piot, Bilal and Azar, Mohammad and Silver, David},
  booktitle={Thirty-Second AAAI Conference on Artificial Intelligence},
  year={2018}
}

@inproceedings{sutton1996generalization,
  title={Generalization in reinforcement learning: Successful examples using sparse coarse coding},
  author={Sutton, Richard S},
  booktitle={Advances in neural information processing systems},
  pages={1038--1044},
  year={1996}
}

@inproceedings{silver2001selective,
  title={Selective functional transfer: Inductive bias from related tasks},
  author={Silver, Daniel and Mercer, Robert},
  booktitle={IASTED International Conference on Artificial Intelligence and Soft Computing (ASC2001)},
  pages={182--189},
  year={2001}
}

@article{pong2018temporal,
  title={Temporal difference models: Model-free deep {RL} for model-based control},
  author={Pong, Vitchyr and Gu, Shixiang and Dalal, Murtaza and Levine, Sergey},
  journal={arXiv preprint arXiv:1802.09081},
  year={2018}
}


@article{baxter2000model,
  title={A model of inductive bias learning},
  author={Baxter, Jonathan},
  journal={Journal of artificial intelligence research},
  volume={12},
  pages={149--198},
  year={2000}
}


@phdthesis{baird1993advantage,
  title={Advantage updating},
  author={Baird III, Leemon C},
  year={1993},
  institution={Wright Lab Wright-Patterson AFB OH}
}

@article{bellemare2013arcade,
  title={The arcade learning environment: An evaluation platform for general agents},
  author={Bellemare, Marc G and Naddaf, Yavar and Veness, Joel and Bowling, Michael},
  journal={Journal of Artificial Intelligence Research},
  volume={47},
  pages={253--279},
  year={2013}
}




@inproceedings{zhao2016deep,
  title={Deep reinforcement learning with experience replay based on {SARSA}},
  author={Zhao, Dongbin and Wang, Haitao and Shao, Kun and Zhu, Yuanheng},
  booktitle={2016 IEEE Symposium Series on Computational Intelligence (SSCI)},
  pages={1--6},
  year={2016},
  organization={IEEE}
}

@inproceedings{lu2018non,
  title={Non-delusional {Q}-learning and value-iteration},
  author={Lu, Tyler and Schuurmans, Dale and Boutilier, Craig},
  booktitle={Advances in Neural Information Processing Systems},
  pages={9971--9981},
  year={2018}
}

@article{van2018deep,
  title={Deep Reinforcement Learning and the Deadly Triad},
  author={Van Hasselt, Hado and Doron, Yotam and Strub, Florian and Hessel, Matteo and Sonnerat, Nicolas and Modayil, Joseph},
  journal={arXiv preprint arXiv:1812.02648},
  year={2018}
}

@inproceedings{sabatelli2018deep,
  title={Deep Quality-Value (DQV) Learning},
  author={Sabatelli, Matthia and Louppe, Gilles and Geurts, Pierre and Wiering, Marco},
  booktitle={Advances in Neural Information Processing Systems, Deep Reinforcement Learning Workshop},
  year={2018},
  organization={Montreal}
}

@article{watkins1992q,
  title={Q-learning},
  author={Watkins, Christopher JCH and Dayan, Peter},
  journal={Machine learning},
  volume={8},
  number={3-4},
  pages={279--292},
  year={1992},
  publisher={Springer}
}

@article{barto1983neuronlike,
  title={Neuronlike adaptive elements that can solve difficult learning control problems},
  author={Barto, Andrew G and Sutton, Richard S and Anderson, Charles W},
  journal={IEEE transactions on systems, man, and cybernetics},
  number={5},
  pages={834--846},
  year={1983},
  publisher={IEEE}
}


@article{lecun2015deep,
  title={Deep learning},
  author={LeCun, Yann and Bengio, Yoshua and Hinton, Geoffrey},
  journal={Nature},
  volume={521},
  number={7553},
  pages={436},
  year={2015},
  publisher={Nature Publishing Group}
}

@book{rummery1994line,
  title={On-line Q-learning using connectionist systems},
  author={Rummery, Gavin A and Niranjan, Mahesan},
  volume={37},
  year={1994},
  publisher={University of Cambridge, Department of Engineering Cambridge, England}
}

@book{sutton1998introduction,
  title={Introduction to reinforcement learning},
  author={Sutton, Richard S and Barto, Andrew G and others},
  volume={135},
  year={1998},
  publisher={MIT press Cambridge}
}

@article{hernandez2019understanding,
  title={Understanding Multi-Step Deep Reinforcement Learning: A Systematic Study of the {DQN} Target},
  author={Hernandez-Garcia, J Fernando and Sutton, Richard S},
  journal={arXiv preprint arXiv:1901.07510},
  year={2019}
}

@article{tieleman2012lecture,
  title={Lecture 6.5-rmsprop: Divide the gradient by a running average of its recent magnitude},
  author={Tieleman, Tijmen and Hinton, Geoffrey},
  journal={COURSERA: Neural networks for machine learning},
  volume={4},
  number={2},
  pages={26--31},
  year={2012}
}

@article{moore1990efficient,
  title={Efficient memory-based learning for robot control},
  author={Moore, Andrew William},
  year={1990},
  publisher={Citeseer}
}

@article{brockman2016openai,
  title={Openai gym},
  author={Brockman, Greg and Cheung, Vicki and Pettersson, Ludwig and Schneider, Jonas and Schulman, John and Tang, Jie and Zaremba, Wojciech},
  journal={arXiv preprint arXiv:1606.01540},
  year={2016}
}


@article{caruana1997multitask,
  title={Multitask learning},
  author={Caruana, Rich},
  journal={Machine learning},
  volume={28},
  number={1},
  pages={41--75},
  year={1997},
  publisher={Springer}
}

@techreport{lin1993reinforcement,
  title={Reinforcement learning for robots using neural networks},
  author={Lin, Long-Ji},
  year={1993},
  institution={Carnegie-Mellon Univ Pittsburgh PA School of Computer Science}
}

@article{schulman2017proximal,
  title={Proximal policy optimization algorithms},
  author={Schulman, John and Wolski, Filip and Dhariwal, Prafulla and Radford, Alec and Klimov, Oleg},
  journal={arXiv preprint arXiv:1707.06347},
  year={2017}
}


@inproceedings{mnih2016asynchronous,
  title={Asynchronous methods for deep reinforcement learning},
  author={Mnih, Volodymyr and Badia, Adria Puigdomenech and Mirza, Mehdi and Graves, Alex and Lillicrap, Timothy and Harley, Tim and Silver, David and Kavukcuoglu, Koray},
  booktitle={International conference on machine learning},
  pages={1928--1937},
  year={2016}
}

@article{achiam2019towards,
  title={Towards Characterizing Divergence in Deep {Q}-Learning},
  author={Achiam, Joshua and Knight, Ethan and Abbeel, Pieter},
  journal={arXiv preprint arXiv:1903.08894},
  year={2019}
}

@inproceedings{fujimoto2018addressing,
  title={Addressing Function Approximation Error in Actor-Critic Methods},
  author={Fujimoto, Scott and Hoof, Herke and Meger, David},
  booktitle={International Conference on Machine Learning},
  pages={1582--1591},
  year={2018}
}

@inproceedings{tsitsiklis1997analysis,
  title={Analysis of temporal-diffference learning with function approximation},
  author={Tsitsiklis, John N and Van Roy, Benjamin},
  booktitle={Advances in neural information processing systems},
  pages={1075--1081},
  year={1997}
}
@article{tesauro1994td,
  title={TD-Gammon, a self-teaching backgammon program, achieves master-level play},
  author={Tesauro, Gerald},
  journal={Neural computation},
  volume={6},
  number={2},
  pages={215--219},
  year={1994},
  publisher={MIT Press}
}

@incollection{peng1994incremental,
  title={Incremental multi-step Q-learning},
  author={Peng, Jing and Williams, Ronald J},
  booktitle={Machine Learning Proceedings 1994},
  pages={226--232},
  year={1994},
  publisher={Elsevier}
}

@inproceedings{wiering1998speeding,
  title={Speeding up Q ($\lambda$)-learning},
  author={Wiering, Marco and Schmidhuber, J{\"u}rgen},
  booktitle={European Conference on Machine Learning},
  pages={352--363},
  year={1998},
  organization={Springer}
}

@article{geist2014off,
  title={Off-policy learning with eligibility traces: a survey.},
  author={Geist, Matthieu and Scherrer, Bruno and others},
  journal={J. Mach. Learn. Res.},
  volume={15},
  number={1},
  pages={289--333},
  year={2014}
}
@article{lin1992self,
  title={Self-improving reactive agents based on reinforcement learning, planning and teaching},
  author={Lin, Long-Ji},
  journal={Machine learning},
  volume={8},
  number={3-4},
  pages={293--321},
  year={1992},
  publisher={Springer}
}

@incollection{baird1995residual,
  title={Residual algorithms: Reinforcement learning with function approximation},
  author={Baird, Leemon},
  booktitle={Machine Learning Proceedings 1995},
  pages={30--37},
  year={1995},
  publisher={Elsevier}
}

@article{bellman1966dynamic,
  title={Dynamic programming},
  author={Bellman, Richard},
  journal={Science},
  volume={153},
  number={3731},
  pages={34--37},
  year={1966},
  publisher={American Association for the Advancement of Science}
}

